<record><leader>00000cas a22000007a 4500</leader><controlfield tag="001">15477306</controlfield><controlfield tag="008">870402d18821985msuwr ne      0    0eng d</controlfield><datafield ind1=" " ind2=" " tag="010"><subfield code="a">sn 87065228 </subfield></datafield><datafield ind1=" " ind2=" " tag="040"><subfield code="a">MJA</subfield><subfield code="b">eng</subfield><subfield code="c">MJA</subfield><subfield code="d">MSJ</subfield><subfield code="d">OCLCQ</subfield></datafield><datafield ind1=" " ind2=" " tag="042"><subfield code="a">msc</subfield></datafield><datafield ind1="0" ind2="4" tag="245"><subfield code="a">The Durant news.</subfield></datafield><datafield ind1=" " ind2=" " tag="260"><subfield code="a">Durant, Miss. :</subfield><subfield code="b">John Kyllingstad &amp; M.J. Peters,</subfield><subfield code="c">-1985.</subfield></datafield><datafield ind1=" " ind2=" " tag="310"><subfield code="a">Weekly</subfield></datafield><datafield ind1="1" ind2=" " tag="362"><subfield code="a">Began in 1882.</subfield></datafield><datafield ind1="0" ind2=" " tag="362"><subfield code="a">-yr. 121, no. 48 (Sept. 5, 1985).</subfield></datafield><datafield ind1=" " ind2=" " tag="500"><subfield code="a">Editor: Hazel Brannon Smith (1936-1985).</subfield></datafield><datafield ind1=" " ind2=" " tag="588"><subfield code="a">Description based on: Vol. 16, no. 27 (Mar. 17, 1899).</subfield></datafield><datafield ind1="1" ind2=" " tag="700"><subfield code="a">Smith, Hazel Brannon.</subfield></datafield><datafield ind1=" " ind2=" " tag="752"><subfield code="a">United States</subfield><subfield code="b">Mississippi</subfield><subfield code="c">Holmes</subfield><subfield code="d">Durant.</subfield></datafield></record>